% This file was created with JabRef 2.10.
% Encoding: Cp1252


@InProceedings{Ahlberg1994,
  Title                    = {Visual information seeking: tight coupling of dynamic query filters with starfield displays},
  Author                   = {Ahlberg, Christopher and Shneiderman, Ben},
  Booktitle                = {Proceedings of the SIGCHI conference on Human factors in computing systems},
  Year                     = {1994},
  Organization             = {ACM},
  Pages                    = {313--317},

  File                     = {:literatur\\Visual Information Seeking - Tight Coupling of Dynamic Query Filters with Starfield Displays.pdf:PDF},
  Owner                    = {David},
  Timestamp                = {2015.11.16}
}

@Article{D3,
  Title                    = {D3: Data-Driven Documents},
  Author                   = {Michael Bostock AND Vadim Ogievetsky AND Jeffrey Heer},
  Journal                  = {IEEE Trans. Visualization \& Comp. Graphics (Proc. InfoVis)},
  Year                     = {2011},

  Owner                    = {David},
  Timestamp                = {2015.11.13},
  Url                      = {http://vis.stanford.edu/papers/d3}
}

@InCollection{Elias2011,
  Title                    = {Exploration views: understanding dashboard creation and customization for visualization novices},
  Author                   = {Elias, Micheline and Bezerianos, Anastasia},
  Booktitle                = {Human-Computer Interaction--INTERACT},
  Publisher                = {Springer},
  Year                     = {2011},
  Pages                    = {274--291},

  File                     = {:literatur\\Exploration Views - Understanding Dashboard Creation and customization for visualization novices.pdf:PDF},
  Owner                    = {David},
  Timestamp                = {2015.11.16}
}

@Misc{standard,
  Title                    = {Inserate: 40,6 {M}illionen im ersten {Q}uartal},

  Author                   = {Markus Hametner},
  HowPublished             = {\url{http://derstandard.at/2000017464403/Regierungsinserate-406-Millionen-im-ersten-Quartal}},
  Note                     = {Web-Standard: 2015-06-15},

  Owner                    = {David},
  Timestamp                = {2015.11.13}
}

@Article{Kandel2011,
  Title                    = {Research directions in data wrangling: Visualizations and transformations for usable and credible data},
  Author                   = {Kandel, Sean and Heer, Jeffrey and Plaisant, Catherine and Kennedy, Jessie and van Ham, Frank and Henry, Riche Nathalie and Weaver, Chris and Lee, Bongshin and Brodbeck, Dominique and Buono, Paolo},
  Journal                  = {Information Visualization},
  Year                     = {2011},
  Number                   = {4},
  Pages                    = {271--288},
  Volume                   = {10},

  Owner                    = {David},
  Publisher                = {SAGE Publications},
  Timestamp                = {2015.11.16}
}

@Misc{paroli2,
  Title                    = {Medientransparenz - die Zweite},

  Author                   = {Fabian Lang},
  HowPublished             = {\url{http://www.paroli-magazin.at/555/}},
  Note                     = {Paroli-Magazin: 2013-03-18},

  Owner                    = {David},
  Timestamp                = {2015.11.13}
}

@InProceedings{PB-VRVis-2014-028,
  Title                    = {Task-Tailored Lightweight Setups for Interactive Visual Analysis of Time Series},
  Author                   = {M{\"{u}}hlbacher, T and Piringer, H},
  Booktitle                = {Proceedings of IEEE Vis 2014},
  Year                     = {2014},

  Owner                    = {David},
  Timestamp                = {2015.11.16}
}

@InProceedings{survey,
  Title                    = {Survey on Visualizing Dynamic, Weighted, and Directed Graphs in the Context of Data-Driven Journalism},
  Author                   = {Christina Niederer and Wolfgang Aigner and Alexander Rind},
  Booktitle                = {Proceedings of the International Summer School on Visual Computing},
  Year                     = {2015},
  Editor                   = {Hans-Jörg Schulz and Bodo Urban and Uwe Freiherr von Lukas},

  Owner                    = {David},
  Timestamp                = {2015.11.16}
}

@Misc{fhMedien,
  Title                    = {Medientransparenz Austria},

  Author                   = {Peter, Salhofer and Amir, Basyouni and Mercedes, Stibler and Stephan, Vrecer},
  HowPublished             = {\url{http://www.medien-transparenz.at/}},
  Note                     = {Accessed: 2015-11-16},

  Owner                    = {David},
  Timestamp                = {2015.11.13}
}

@Article{Piringer2009,
  Title                    = {A multi-threading architecture to support interactive visual exploration},
  Author                   = {Piringer, Harald and Tominski, Christian and Muigg, Philipp and Berger, Wolfgang},
  Journal                  = {IEEE Transactions on Visualization and Computer Graphics},
  Year                     = {2009},
  Number                   = {6},
  Pages                    = {1113--1120},
  Volume                   = {15},

  File                     = {:literatur\\A Multi-Threading Architecture to Support Interactive Visual.pdf:PDF},
  Publisher                = {IEEE}
}

@Misc{Schrempf2014,
  Title                    = {Media Transparency Database Visualization},

  Author                   = {Manuel T. Schrempf},
  HowPublished             = {\url{http://web.student.tuwien.ac.at/~e0920136/Files/MTDV/src/MTDV.html}},
  Note                     = {Accessed: 2015-11-16},

  Owner                    = {David},
  Timestamp                = {2015.11.13}
}

@Misc{tableau,
  Title                    = {Visual Analysis Best Practices: A Guidebook},

  Author                   = {Tableau Software},
  HowPublished             = {\url{http://www.tableau.com/learn/whitepapers/tableau-visual-guidebook}},
  Note                     = {Last visited 2015-10-10, 2015},
  Year                     = {2015},

  Url                      = {\url{http://www.tableau.com/learn/whitepapers/tableau-visual-guidebook}}
}

@Misc{browserStatistics,
  Title                    = {Browser Statistics},
  HowPublished             = {\url{http://www.w3schools.com/browsers/browsers_stats.asp}},
  Note                     = {Accessed: 2015-04-12},

  Owner                    = {David},
  Timestamp                = {2015.11.13}
}

@Misc{brunsh,
  Title                    = {Brunch},
  HowPublished             = {\url{http://brunch.io/}},
  Note                     = {Accessed: 2015-11-16},

  Owner                    = {David},
  Timestamp                = {2015.11.13}
}

@Misc{BS,
  Title                    = {Bootstrap},
  HowPublished             = {\url{http://getbootstrap.com/}},
  Note                     = {Accessed: 2015-03-05},

  Owner                    = {David},
  Timestamp                = {2015.11.13}
}

@Misc{crossfilter,
  Title                    = {Crossfilter - Fast Multidimensional Filtering for Coordinated Views},
  HowPublished             = {\url{http://square.github.io/crossfilter/}},
  Note                     = {Accessed: 2015-11-16},

  Owner                    = {David},
  Timestamp                = {2015.11.13}
}

@Misc{dc,
  Title                    = {dc.js - Dimensional Charting Javascript Library},
  HowPublished             = {\url{https://dc-js.github.io/dc.js/}},
  Note                     = {Accessed: 2015-11-16},

  Owner                    = {David},
  Timestamp                = {2015.11.13}
}

@Misc{Gesetz,
  Title                    = {Bundesgesetz {\"u}ber die {T}ransparenz von {M}edienkooperationen sowie von {W}erbeauftr{\"a}gen und {F}{\"o}rderungen an {M}edieninhaber eines periodischen {M}ediums ({M}edienkooperations- und -f{\"o}rderungs-{T}ransparenzgesetz, {M}ed{KF-TG})},

  Owner                    = {David},
  Timestamp                = {2015.11.16}
}

@Misc{jQ,
  Title                    = {jQuery},
  HowPublished             = {\url{http://jquery.com/}},
  Note                     = {Accessed: 2015-03-05},

  Owner                    = {David},
  Timestamp                = {2015.11.13}
}

@Misc{node,
  Title                    = {Node.js},
  HowPublished             = {\url{https://nodejs.org}},
  Note                     = {Accessed: 2015-11-16},

  Owner                    = {David},
  Timestamp                = {2015.11.13}
}

@Misc{RTR,
  Title                    = {Austrian Regulatory Authority for Broadcasting and Telecommunications. {B}ekanntgegebene {D}aten},
  HowPublished             = {\url{https://www.rtr.at/de/m/veroeffentl_medkftg_daten}},
  Note                     = {Accessed: 2015-11-16},

  Owner                    = {David},
  Timestamp                = {2015.11.16}
}

